<?xml version="1.0" encoding="UTF-8" ?>
<collection xmlns:xsi="http://www.w3.org/2001/XMLSchema-instance"
    xsi:schemaLocation="http://www.loc.gov/MARC21/slim
        http://www.loc.gov/standards/marcxml/schema/MARC21slim.xsd"
    xmlns="http://www.loc.gov/MARC21/slim">
<record>
  <leader>00237cam a2200445 ia4500</leader>
  <controlfield tag="001">b1237698x</controlfield>
  <controlfield tag="003">LeBAU</controlfield>
  <controlfield tag="005">20171212</controlfield>
  <controlfield tag="008">970303m19551958ku            ||0 0 ara d</controlfield>
  <datafield tag="035" ind1=" " ind2=" ">
    <subfield code="a">ocn784289316</subfield>
  </datafield>
  <datafield tag="040" ind1=" " ind2=" ">
    <subfield code="a">LEAUB</subfield>
    <subfield code="b">ara</subfield>
    <subfield code="e">rda</subfield>
    <subfield code="c">LEAUB</subfield>
    <subfield code="d">LEAUB</subfield>
  </datafield>
  <datafield tag="082" ind1="0" ind2="4">
    <subfield code="a">301.153</subfield>
    <subfield code="2">20</subfield>
  </datafield>
  <datafield tag="110" ind1="1" ind2=" ">
    <subfield code="6">880-01</subfield>
    <subfield code="a">Kuwait.</subfield>
    <subfield code="b">Dā’irat al-Shu’ūn al-Ijtimā‘īyah,</subfield>
    <subfield code="e">issuing body.</subfield>
  </datafield>
  <datafield tag="245" ind1="1" ind2="0">
    <subfield code="6">880-02</subfield>
    <subfield code="a">al-Taqrīr al-sanawī li-Dāʼirat al-Shuʼūn al-Ijtimāʻīyah /</subfield>
    <subfield code="c">Ḥukūmat al-Kuwayt, Dā’irat al-Shu’ūn al-Ijtimā‘īyah.</subfield>
  </datafield>
  <datafield tag="264" ind1=" " ind2="1">
    <subfield code="6">880-03</subfield>
    <subfield code="a">al-Kuwayt :</subfield>
    <subfield code="b">Dā’irat al-Shu’ūn al-Ijtimā‘īyah,</subfield>
    <subfield code="c">1375-1380 H. = 1955-1958 M.</subfield>
  </datafield>
  <datafield tag="300" ind1=" " ind2=" ">
    <subfield code="6">880-04</subfield>
    <subfield code="a">4 volumes ;</subfield>
    <subfield code="c">28 cm</subfield>
  </datafield>
  <datafield tag="336" ind1=" " ind2=" ">
    <subfield code="a">text</subfield>
    <subfield code="b">txt</subfield>
    <subfield code="2">rdacontent</subfield>
  </datafield>
  <datafield tag="337" ind1=" " ind2=" ">
    <subfield code="a">unmediated</subfield>
    <subfield code="b">n</subfield>
    <subfield code="2">rdamedia</subfield>
  </datafield>
  <datafield tag="338" ind1=" " ind2=" ">
    <subfield code="a">volume</subfield>
    <subfield code="b">nc</subfield>
    <subfield code="2">rdacarrier</subfield>
  </datafield>
  <datafield tag="505" ind1="0" ind2=" ">
    <subfield code="a">التقرير السنوي لدائرة الشؤون الإجتماعية، 1955 -- التقرير السنوي لدائرة الشؤون الإجتماعية، 1956 -- التقرير السنوي لدائرة الشؤون الإجتماعية، 1957 -- التقرير السنوي لدائرة الشؤون الإجتماعية،1958.</subfield>
  </datafield>
  <datafield tag="650" ind1=" " ind2="4">
    <subfield code="a">الخدمة الإجتماعية</subfield>
    <subfield code="z">الكويت</subfield>
    <subfield code="v">دوريات.</subfield>
  </datafield>
  <datafield tag="650" ind1=" " ind2="4">
    <subfield code="a">العمل</subfield>
    <subfield code="z">الكويت</subfield>
    <subfield code="v">دوريات.</subfield>
  </datafield>
  <datafield tag="650" ind1=" " ind2="4">
    <subfield code="a">الثقافة الشعبية</subfield>
    <subfield code="z">الكويت</subfield>
    <subfield code="v">دوريات.</subfield>
  </datafield>
  <datafield tag="650" ind1=" " ind2="0">
    <subfield code="a">Social service</subfield>
    <subfield code="z">Kuwait</subfield>
    <subfield code="v">Periodicals.</subfield>
  </datafield>
  <datafield tag="650" ind1=" " ind2="0">
    <subfield code="a">Labor</subfield>
    <subfield code="z">Kuwait</subfield>
    <subfield code="v">Periodicals.</subfield>
  </datafield>
  <datafield tag="650" ind1=" " ind2="0">
    <subfield code="a">Popular culture</subfield>
    <subfield code="z">Kuwait</subfield>
    <subfield code="v">Periodicals.</subfield>
  </datafield>
  <datafield tag="651" ind1=" " ind2="4">
    <subfield code="a">الكويت</subfield>
    <subfield code="x">السياسة الإقتصادية</subfield>
    <subfield code="v">دوريات.</subfield>
  </datafield>
  <datafield tag="651" ind1=" " ind2="0">
    <subfield code="a">Kuwait</subfield>
    <subfield code="x">Economic policy</subfield>
    <subfield code="v">Periodicals.</subfield>
  </datafield>
  <datafield tag="852" ind1=" " ind2=" ">
    <subfield code="a">Jafet Library</subfield>
    <subfield code="e">American University of Beirut, Bliss Street , Beirut, Lebanon.</subfield>
  </datafield>
  <datafield tag="880" ind1="1" ind2=" ">
    <subfield code="6">110-01/(3/r</subfield>
    <subfield code="a">الكويت.</subfield>
    <subfield code="b">دائرة الشؤون الإجتماعية،</subfield>
    <subfield code="e">هيئة إصدار. </subfield>
    <subfield code="4">isb.</subfield>
  </datafield>
  <datafield tag="880" ind1=" " ind2="1">
    <subfield code="6">264-03/(3/r</subfield>
    <subfield code="a">الكويت :</subfield>
    <subfield code="b">دائرة الشؤون الإجتماعية،</subfield>
    <subfield code="c">1375-1380 هـ. = 1955-1958 م.</subfield>
  </datafield>
  <datafield tag="880" ind1="1" ind2="3">
    <subfield code="6">245-02/(3/r</subfield>
    <subfield code="a">التقرير السنوي لدائرة الشؤون الإجتماعية /</subfield>
    <subfield code="c">حكومة الكويت، دائرة الشؤون الإجتماعية.</subfield>
  </datafield>
  <datafield tag="880" ind1=" " ind2=" ">
    <subfield code="6">300-04/(3/r</subfield>
    <subfield code="a">4 أجزاء ؛</subfield>
    <subfield code="c">28 سم</subfield>
  </datafield>
  <datafield tag="907" ind1=" " ind2=" ">
    <subfield code="a">.b1237698x</subfield>
    <subfield code="b">17-12-14</subfield>
    <subfield code="c">11-05-24</subfield>
  </datafield>
  <datafield tag="907" ind1=" " ind2=" ">
    <subfield code="a">.b1237698x</subfield>
    <subfield code="b">11-10-11</subfield>
    <subfield code="c">11-05-24</subfield>
  </datafield>
  <datafield tag="945" ind1=" " ind2=" ">
    <subfield code="f">J</subfield>
    <subfield code="a">301.153:K976tA:1955:c.1</subfield>
    <subfield code="i">01010104</subfield>
    <subfield code="j">.i12831566</subfield>
    <subfield code="l">u0503</subfield>
  </datafield>
  <datafield tag="945" ind1=" " ind2=" ">
    <subfield code="f">J</subfield>
    <subfield code="a">301.153:K976tA:1956:c.1</subfield>
    <subfield code="i">01010105</subfield>
    <subfield code="j">.i12831578</subfield>
    <subfield code="l">u0503</subfield>
  </datafield>
  <datafield tag="945" ind1=" " ind2=" ">
    <subfield code="f">J</subfield>
    <subfield code="a">301.153:K976tA:1957:c.1</subfield>
    <subfield code="i">01010106</subfield>
    <subfield code="j">.i1283158x</subfield>
    <subfield code="l">u0503</subfield>
  </datafield>
  <datafield tag="945" ind1=" " ind2=" ">
    <subfield code="f">J</subfield>
    <subfield code="a">301.153:K976tA:1958:c.1</subfield>
    <subfield code="i">01010107</subfield>
    <subfield code="j">.i12831591</subfield>
    <subfield code="l">u0503</subfield>
  </datafield>
  <datafield tag="998" ind1=" " ind2=" ">
    <subfield code="a">u05</subfield>
    <subfield code="b">97-03-03</subfield>
    <subfield code="c">m</subfield>
    <subfield code="d">a</subfield>
    <subfield code="e">-</subfield>
    <subfield code="f">ara</subfield>
    <subfield code="g">ku </subfield>
    <subfield code="h">0</subfield>
    <subfield code="i">4</subfield>
  </datafield>
</record>
</collection>
